<?xml version="1.0" encoding="UTF-8"?><collection xmlns="http://www.loc.gov/MARC21/slim"><record><leader>00382nam--2200133-i-4500</leader><controlfield tag="001">000033128</controlfield><controlfield tag="002">20161230</controlfield><controlfield tag="005">20161230201039</controlfield><controlfield tag="008">060222s1000------------r-----000-0-eng-d</controlfield><datafield ind1=" " ind2=" " tag="100"><subfield code="a">Moffitt, J.K., Mardem, C.P</subfield></datafield><datafield ind1=" " ind2=" " tag="245"><subfield code="a">Tabulation of data on receiving tubes</subfield></datafield><datafield ind1=" " ind2=" " tag="260"><subfield code="a">Washington, U.S.Government Printing Off., 1963, 130p</subfield></datafield><datafield ind1=" " ind2=" " tag="490"><subfield code="a">National Bureau Of Standards</subfield></datafield><datafield ind1=" " ind2=" " tag="852"><subfield code="a">18138</subfield></datafield></record></collection>